@book{doubrere2013resistance,
  title={R{\'e}sistance des mat{\'e}riaux: cours et exercices corrig{\'e}s},
  author={Doubr{\`e}re, Jean-Claude},
  year={2013},
  publisher={Editions Eyrolles}
}

@book{courbon1971resistance,
  title={R{\'e}sistance des mat{\'e}riaux},
  author={Courbon, Jean},
  volume={1},
  year={1971},
  publisher={Ed. Techniques Ing{\'e}nieur}
}

@article{agati2004resistance,
  title={R{\'e}sistance des mat{\'e}riaux},
  author={Agati, Pierre and Lerouge, Fr{\'e}d{\'e}ric and Rossetto, Marc},
  journal={Paris: Dunod},
  year={2004}
}

@article{wielgosz2000cours,
  title={Cours et exercices de r{\'e}sistance des mat{\'e}riaux},
  author={Wielgosz, Christian},
  year={2000},
  publisher={Ellipses}
}
